<record><leader>00000cas a22000007a 4500</leader><controlfield tag="001">13170547</controlfield><controlfield tag="008">860219d18531942lauwr ne      0   b0fre d</controlfield><datafield ind1=" " ind2=" " tag="010"><subfield code="a">sn 86079080 </subfield></datafield><datafield ind1=" " ind2=" " tag="040"><subfield code="a">NPU</subfield><subfield code="b">eng</subfield><subfield code="c">NPU</subfield><subfield code="d">NPX</subfield><subfield code="d">DLC</subfield><subfield code="d">OCL</subfield><subfield code="d">LNP</subfield><subfield code="d">NSD</subfield><subfield code="d">YOX</subfield><subfield code="d">LNP</subfield><subfield code="d">OCL</subfield><subfield code="d">KRTAS</subfield><subfield code="d">OCLCQ</subfield><subfield code="d">LNP</subfield><subfield code="d">OCLCQ</subfield><subfield code="d">IUL</subfield><subfield code="d">OCLCA</subfield><subfield code="d">DLC</subfield><subfield code="d">OCLCO</subfield><subfield code="d">OCLCA</subfield></datafield><datafield ind1=" " ind2=" " tag="012"><subfield code="b">3</subfield></datafield><datafield ind1=" " ind2=" " tag="019"><subfield code="a">15045239</subfield></datafield><datafield ind1="1" ind2=" " tag="022"><subfield code="a">1052-6900</subfield><subfield code="l">1052-6900</subfield><subfield code="2">1</subfield></datafield><datafield ind1="0" ind2=" " tag="041"><subfield code="a">fre</subfield><subfield code="a">eng</subfield></datafield><datafield ind1=" " ind2=" " tag="042"><subfield code="a">msc</subfield><subfield code="a">nsdp</subfield></datafield><datafield ind1=" " ind2=" " tag="043"><subfield code="a">n-us-la</subfield></datafield><datafield ind1="0" ind2="0" tag="050"><subfield code="a">Newspaper</subfield></datafield><datafield ind1=" " ind2="3" tag="222"><subfield code="a">Le Meschace&#769;be&#769;</subfield><subfield code="b">(Lucy, La.)</subfield></datafield><datafield ind1="0" ind2="3" tag="245"><subfield code="a">Le Meschace&#769;be&#769;.</subfield></datafield><datafield ind1=" " ind2=" " tag="260"><subfield code="a">[Lucy] La. :</subfield><subfield code="b">Prudent d'Artlys [i.e. Hippolyte de Bautte]</subfield></datafield><datafield ind1=" " ind2=" " tag="300"><subfield code="a">v. ;</subfield><subfield code="c">57 cm.</subfield></datafield><datafield ind1=" " ind2=" " tag="310"><subfield code="a">Weekly</subfield></datafield><datafield ind1="1" ind2=" " tag="362"><subfield code="a">Began in 1853; ceased in 1942?</subfield></datafield><datafield ind1=" " ind2=" " tag="500"><subfield code="a">Published at Lucy, 1853-&lt;Nov. 23, 1861&gt;; at Edgar [i.e. Edgard], &lt;Jan. 4, 1862&gt;-&lt;Oct. 12, 1878&gt;; at Bonnet Carre&#769;, &lt;Jan. 11, 1879&gt;-Nov. 24, 1900; at Reserve, Dec. 1, 1900-Oct. 30, 1909; at Edgard, Nov. 6, 1909-Jan. 3, 1914; at Lucy, Jan. 10, 1914-&lt;Apr. 18, 1942&gt;.</subfield></datafield><datafield ind1=" " ind2=" " tag="500"><subfield code="a">"Journal officiel de la paroisse St.-Jean-Baptiste--Louisiane."</subfield></datafield><datafield ind1=" " ind2=" " tag="515"><subfield code="a">Suspended with Aug. 30, 1862 issue; resumed with Oct. 14, 1865 issue. Suspended with Apr. 23, 1927 issue; resumed with July 16, 1927 issue.</subfield></datafield><datafield ind1=" " ind2=" " tag="530"><subfield code="a">Archived issues are available in digital format from the Library of Congress Chronicling America online collection.</subfield></datafield><datafield ind1=" " ind2=" " tag="546"><subfield code="a">In French and English, &lt;Jan. 29, 1854&gt;-Jan. 3, 1914; in English, Jan. 10, 1914-&lt;Apr. 18, 1942&gt;.</subfield></datafield><datafield ind1=" " ind2=" " tag="588"><subfield code="a">Description based on: Vol. 2, no 1 (29 jan. 1854).</subfield></datafield><datafield ind1=" " ind2="0" tag="650"><subfield code="a">French</subfield><subfield code="z">Louisiana</subfield><subfield code="v">Newspapers.</subfield></datafield><datafield ind1=" " ind2="0" tag="651"><subfield code="a">Lucy (La.)</subfield><subfield code="v">Newspapers.</subfield></datafield><datafield ind1=" " ind2="0" tag="651"><subfield code="a">Edgard (La.)</subfield><subfield code="v">Newspapers.</subfield></datafield><datafield ind1=" " ind2="0" tag="651"><subfield code="a">La Place (La.)</subfield><subfield code="v">Newspapers.</subfield></datafield><datafield ind1=" " ind2="0" tag="651"><subfield code="a">Reserve (La.)</subfield><subfield code="v">Newspapers.</subfield></datafield><datafield ind1="2" ind2=" " tag="710"><subfield code="a">St. John Baptist Church (Lucy, La.)</subfield></datafield><datafield ind1=" " ind2=" " tag="752"><subfield code="a">United States</subfield><subfield code="b">Louisiana</subfield><subfield code="c">Saint John the Baptist</subfield><subfield code="d">Lucy.</subfield></datafield><datafield ind1=" " ind2=" " tag="752"><subfield code="a">United States</subfield><subfield code="b">Louisiana</subfield><subfield code="c">Saint John the Baptist</subfield><subfield code="d">Edgard.</subfield></datafield><datafield ind1=" " ind2=" " tag="752"><subfield code="a">United States</subfield><subfield code="b">Louisiana</subfield><subfield code="c">Saint John the Baptist</subfield><subfield code="d">Bonnet Carre.</subfield></datafield><datafield ind1=" " ind2=" " tag="752"><subfield code="a">United States</subfield><subfield code="b">Louisiana</subfield><subfield code="c">Saint John the Baptist</subfield><subfield code="d">Reserve.</subfield></datafield><datafield ind1="4" ind2="1" tag="856"><subfield code="u">http://www.loc.gov/chroniclingamerica/lccn/sn86079080/issues</subfield></datafield><datafield ind1=" " ind2=" " tag="938"><subfield code="a">Kirtas Technologies, Inc.</subfield><subfield code="b">KRTS</subfield><subfield code="n">739542</subfield></datafield></record>